<record><leader>00000cas a2200000 a 4500</leader><controlfield tag="001">9450362</controlfield><controlfield tag="008">830426d17591763mauwr ne      0    0eng c</controlfield><datafield ind1=" " ind2=" " tag="010"><subfield code="a">sn 83020606 </subfield></datafield><datafield ind1=" " ind2=" " tag="040"><subfield code="a">NPX</subfield><subfield code="b">eng</subfield><subfield code="c">NPX</subfield><subfield code="d">NPA</subfield><subfield code="d">NPU</subfield><subfield code="d">DLC</subfield><subfield code="d">NJW</subfield><subfield code="d">DLC</subfield><subfield code="d">MFN</subfield><subfield code="d">MGN</subfield><subfield code="d">KNP</subfield><subfield code="d">MGN</subfield><subfield code="d">HUL</subfield><subfield code="d">FUG</subfield><subfield code="d">OCL</subfield><subfield code="d">CVF</subfield><subfield code="d">NYS</subfield><subfield code="d">CFI</subfield><subfield code="d">KRTAS</subfield><subfield code="d">OCLCQ</subfield><subfield code="d">OCLCF</subfield><subfield code="d">OCLCO</subfield></datafield><datafield ind1="1" ind2=" " tag="029"><subfield code="a">AU@</subfield><subfield code="b">000020275714</subfield></datafield><datafield ind1=" " ind2=" " tag="042"><subfield code="a">pcc</subfield></datafield><datafield ind1=" " ind2=" " tag="043"><subfield code="a">n-us-ma</subfield></datafield><datafield ind1="0" ind2="0" tag="050"><subfield code="a">Newspaper</subfield></datafield><datafield ind1="1" ind2="4" tag="050"><subfield code="a">AN63.B74</subfield><subfield code="b">P85</subfield></datafield><datafield ind1="0" ind2="0" tag="245"><subfield code="a">Green &amp; Russell's Boston post-boy &amp; advertiser.</subfield></datafield><datafield ind1="3" ind2=" " tag="246"><subfield code="a">Green and Russell's Boston post boy and advertiser</subfield></datafield><datafield ind1=" " ind2=" " tag="260"><subfield code="a">Boston [Mass.] :</subfield><subfield code="b">Green &amp; Russell,</subfield><subfield code="c">1759-1763.</subfield></datafield><datafield ind1=" " ind2=" " tag="300"><subfield code="a">230 no.</subfield></datafield><datafield ind1=" " ind2=" " tag="310"><subfield code="a">Weekly</subfield></datafield><datafield ind1="0" ind2=" " tag="362"><subfield code="a">No. 72 (Jan. 1, 1759)-no. 301 (May 23, 1763).</subfield></datafield><datafield ind1="4" ind2=" " tag="510"><subfield code="a">Brigham, C.S. Amer. newspapers</subfield><subfield code="c">p. 335</subfield></datafield><datafield ind1=" " ind2=" " tag="530"><subfield code="a">Available on microopaque and microfilm from Readex Microprint Corp.</subfield></datafield><datafield ind1=" " ind2="0" tag="651"><subfield code="a">Boston (Mass.)</subfield><subfield code="v">Newspapers.</subfield></datafield><datafield ind1=" " ind2="0" tag="651"><subfield code="a">Suffolk County (Mass.)</subfield><subfield code="v">Newspapers.</subfield></datafield><datafield ind1=" " ind2="7" tag="655"><subfield code="a">Newspapers.</subfield><subfield code="2">fast</subfield><subfield code="0">(OCoLC)fst01423814</subfield></datafield><datafield ind1=" " ind2="7" tag="651"><subfield code="a">Massachusetts</subfield><subfield code="z">Boston.</subfield><subfield code="2">fast</subfield><subfield code="0">(OCoLC)fst01205012</subfield></datafield><datafield ind1=" " ind2="7" tag="651"><subfield code="a">Massachusetts</subfield><subfield code="z">Suffolk County.</subfield><subfield code="2">fast</subfield><subfield code="0">(OCoLC)fst01206189</subfield></datafield><datafield ind1=" " ind2=" " tag="752"><subfield code="a">United States</subfield><subfield code="b">Massachusetts</subfield><subfield code="c">Suffolk</subfield><subfield code="d">Boston.</subfield></datafield><datafield ind1="0" ind2="0" tag="780"><subfield code="t">Boston weekly advertiser (Boston, Mass. : 1757)</subfield><subfield code="w">(DLC)sn 84031146</subfield><subfield code="w">(OCoLC)10655082</subfield></datafield><datafield ind1="0" ind2="0" tag="785"><subfield code="t">Boston post-boy &amp; advertiser</subfield><subfield code="w">(DLC)sn 83020607</subfield><subfield code="w">(OCoLC)9450903</subfield></datafield><datafield ind1=" " ind2=" " tag="850"><subfield code="a">MH</subfield></datafield><datafield ind1=" " ind2=" " tag="938"><subfield code="a">Kirtas Technologies, Inc.</subfield><subfield code="b">KRTS</subfield><subfield code="n">736559</subfield></datafield></record>